<?xml version="1.0" encoding="UTF-8"?><collection><record><leader>07563ntm a2200589 a 4500</leader><controlfield tag="001">102137755</controlfield><controlfield tag="003">MiAaHDL</controlfield><controlfield tag="005">20190719000000.0</controlfield><controlfield tag="006">m        d        </controlfield><controlfield tag="007">cr bn ---auaua</controlfield><controlfield tag="008">140425s1333    xx            00| ||ara d</controlfield><datafield tag="035" ind1=" " ind2=" "><subfield code="a">(MiU)012846346</subfield></datafield><datafield tag="035" ind1=" " ind2=" "><subfield code="a">sdr-miu012846346</subfield></datafield><datafield tag="040" ind1=" " ind2=" "><subfield code="a">MiU</subfield><subfield code="c">MiU</subfield><subfield code="e">amremm</subfield></datafield><datafield tag="043" ind1=" " ind2=" "><subfield code="a">n-us-mi</subfield></datafield><datafield tag="100" ind1="1" ind2=" "><subfield code="6">880-01</subfield><subfield code="a">Ibn Mālik, Muḥammad ibn ʻAbd Allāh,</subfield><subfield code="d">-1274.</subfield></datafield><datafield tag="240" ind1="1" ind2="0"><subfield code="6">880-02</subfield><subfield code="a">Tashīl al-fawāʼid wa-takmīl al-maqāṣid</subfield></datafield><datafield tag="245" ind1="1" ind2="0"><subfield code="6">880-03</subfield><subfield code="a">Tashīl al-fawāʼid wa-takmīl al-maqāṣid,</subfield><subfield code="f">[733, i.e. 1333].</subfield></datafield><datafield tag="246" ind1="3" ind2="0"><subfield code="i">Title from colophon on p.325:</subfield><subfield code="a">كتاب تسهيل الفوائد وتكميل المقاصد</subfield></datafield><datafield tag="246" ind1="3" ind2="0"><subfield code="i">Title from inscription on front flyleaf:</subfield><subfield code="a">تسهيل الفوايد لأبي عبد الله ابن مالك الاندلسى</subfield></datafield><datafield tag="246" ind1="3" ind2="0"><subfield code="i">Edge title (tail):</subfield><subfield code="a">كتاب التسهيل لابن مالك</subfield></datafield><datafield tag="260" ind1=" " ind2=" "><subfield code="c">[1333]</subfield></datafield><datafield tag="300" ind1=" " ind2=" "><subfield code="a">i, 163, i leaves :</subfield><subfield code="b">paper ;</subfield><subfield code="c">170 x 130 (110 x 78) mm</subfield></datafield><datafield tag="500" ind1=" " ind2=" "><subfield code="a">Origin: As appears in colophon at close (p.325), transcription completed mid-Shawwāl 733 [ca. June 1333] by Aḥmad ibn ʻAlī ibn Aḥmad al-Kūfī al-Hamadānī, likely the scholar who reportedly was born in 1281 in Kūfah, became an established scholar in Iraq, and eventually traveled to Damascus where he also taught in several madrasas before he died in 1354 (cf. GAL S II 211 / 2a, also father of Ibn al-Faṣīḥ al-Kūfī, d. 1344).</subfield></datafield><datafield tag="500" ind1=" " ind2=" "><subfield code="a">Shelfmark: Ann Arbor, University of Michigan, Special Collections Library, Isl. Ms. 1059</subfield></datafield><datafield tag="500" ind1=" " ind2=" "><subfield code="a">Binding: Pasteboards faced in a mottled paper (cream and dark red) with spine and trace of fore edge flap in brown leather ; Type II binding (with flap, now lost) ; pastedowns and flyleaves in pale yellow paper ; sewn in cream threads, two stations ; traces of worked chevron endbands in light pink and pale yellow, warp threads (primaries) apparently stitched through leather spine lining ; overall in fair condition with strong attachment, some losses of leather and paper, abrasion, etc.</subfield></datafield><datafield tag="500" ind1=" " ind2=" "><subfield code="a">Support: non-European laid paper, mainly with 7-8 laid lines per cm. (horizontal, see p.12, 284 etc.) and chain lines difficult to observe but occasionally visible in pairs (see p.264, 12-14 mm. between chains), sturdy, dense and somewhat thick, furnish fairly cloudy, some knots and clumps of fiber visible, only lightly burnished ; flyleaves in European laid paper with six-pointed star watermark visible (perhaps over anchor).</subfield></datafield><datafield tag="500" ind1=" " ind2=" "><subfield code="a">Decoration: Keywords and headings rubricated.</subfield></datafield><datafield tag="500" ind1=" " ind2=" "><subfield code="a">Script: Naskh ; careful and delicate hand in a thin line ; virtually serifless with tall, straight ascenders and mainly curvilinear descenders (some sweeping), tail of rāʼ and wāw quite short, foot of lām flattened and parallel to baseline, kāf mashqūqah preferred with often long shaqq on even final kāf, bowl of nūn occasionally tall and narrow occasionally broad and shallow, final hāh often as short stroke (closed counter), pointing in distinct dots, occasionally positioned on the diagonal ; rubricated headings in a larger hand reminiscent of tawqīʻ, seriffed with sharp right-sloping strokes on lām, free-standing alif, etc.</subfield></datafield><datafield tag="500" ind1=" " ind2=" "><subfield code="a">Layout: Written in 13 lines per page (single column) ; frame-ruled (impression of ruling board quite evident).</subfield></datafield><datafield tag="500" ind1=" " ind2=" "><subfield code="a">Collation: i, III (6), IV+1 (15), 18 IV(159), II (163), i ; almost exclusively quaternions ; catchwords present ; foliation in pencil, Hindu-Arabic numerals, lower outer corner of recto ; pagination in pencil, Western numerals, supplied during cataloguing.</subfield></datafield><datafield tag="500" ind1=" " ind2=" "><subfield code="a">Colophon: "Scribal," rectangular, reads: "تم كتاب تسهيل الفوائد وتكميل المقاصد في منتصف شوال من سنه ثلاث وثلثين وسبعمائة كتبه احمد بن على بن احمد الكوفى الهمدانى حامدا مصليا مسلما متع الله من كتبه له به وبسائر العلوم وبلغه اماله ويقبل اعماله وجمع شمله وليسبغ عليه فضله"</subfield></datafield><datafield tag="500" ind1=" " ind2=" "><subfield code="a">Explicit: "وزيدت ياء في بأييد ومن نباي المرسلين وملايه وملايهم وهذا مما ينقاد اليه ولا يقاس عليه "</subfield></datafield><datafield tag="500" ind1=" " ind2=" "><subfield code="a">Incipit: "قال الشيخ الامام العلامة الأوحد شيخ النحاة والادباء جمال الدين ابو عبد الله محمد بن عبد الله بن مالك الطاءى الاندلسى الجياني رحمه الله حامدا لله رب العالمين ومصليا على محمد خاتم النبيين وعلى آله وصحابته اجمعين هذا كتاب فى النحو جعلته بعون الله مستوفيا لاصوله مستوليا على ابوابه وفصوله فسميته لذلك تسهيل الفوائد وتكميل المقاصد ..."</subfield></datafield><datafield tag="500" ind1=" " ind2=" "><subfield code="a">Title from opening matter on p.2.</subfield></datafield><datafield tag="500" ind1=" " ind2=" "><subfield code="a">Ms. codex.</subfield></datafield><datafield tag="510" ind1="4" ind2=" "><subfield code="a">al-Ziriklī, Khayr al-Dīn. al-Aʻlām (Beirut, 1980 ed.), v.1 p.181</subfield></datafield><datafield tag="510" ind1="4" ind2=" "><subfield code="a">Brockelmann, C. GAL,</subfield><subfield code="c">II, 165 (6/I) ; S II 211 (2a.)</subfield></datafield><datafield tag="510" ind1="4" ind2=" "><subfield code="a">Ibn Mālik, Tashīl al-fawāʼid wa-takmīl al-maqāṣid, Ed. Muḥammad Kāmil Barakāt (al-Qāhirah : Dār al-Kātib al-ʻArabī, [cover 1968] 1967),</subfield><subfield code="c">1, 337, etc.</subfield></datafield><datafield tag="510" ind1="4" ind2=" "><subfield code="a">Brockelmann, C. GAL,</subfield><subfield code="c">I, 298 (4/1)</subfield></datafield><datafield tag="510" ind1="4" ind2=" "><subfield code="a">In the Scribes Hand: A Selection of Islamic Manuscripts, Bernard Quaritch Ltd Catalogue 1428, (London: Bernard Quaritch Ltd, 2014),</subfield><subfield code="c">no.2</subfield></datafield><datafield tag="520" ind1=" " ind2=" "><subfield code="a">Fine early copy of Ibn Mālik's renowned treatise on grammar.</subfield></datafield><datafield tag="538" ind1=" " ind2=" "><subfield code="a">Mode of access: Internet.</subfield></datafield><datafield tag="541" ind1=" " ind2=" "><subfield code="c">Purchase ;</subfield><subfield code="a">Quaritch ;</subfield><subfield code="d">Received: 2014/04/17</subfield></datafield><datafield tag="546" ind1=" " ind2=" "><subfield code="a">Arabic.</subfield></datafield><datafield tag="561" ind1=" " ind2=" "><subfield code="a">Several former owners' marks on front flyleaf, including ownership statement in name of Aḥmad ibn ʻAlī al-Manīnī (likely the Damascene scholar who lived ca. 1678-1759 cf. al-Ziriklī, Beirut 1980, v.1, p.181), "من منن الله تعالى على عبده الحقير احمد بن على المنيني غفر لهما" and ownership statement in name of Aḥmad ibn LuṭfʹʻAlī al-Tabrīzī [?] "من عوادي الدهر لدى [؟] وانا ... احمد ابن لطفعلى التبريزى" ; on verso of front flyleaf, inscribed by the Library “SPEC / ISLM | 500591042 / SPAUL-2014 | QUARITCH 4-17-14” ; occasional marginal corrections and glosses (cf. pp.66-67), some effaced (see p.113, 200-201) ; in outer margins of p.154, 158, and 192 in a large script reminiscent of thuluth, sayings attributed to Imam ʻAlī ibn Abī Ṭālib ("لو كشف الغطاء ما ازددت يقين") and the Prophet Muḥammad ("ان مدينة العلم وعلى بابها" and "طلب العلم فريضة على كل مسلم") ; further glosses in taʻlīq on pp.268-269.</subfield></datafield><datafield tag="650" ind1=" " ind2="0"><subfield code="a">Manuscripts, Arabic</subfield><subfield code="z">Michigan</subfield><subfield code="z">Ann Arbor.</subfield></datafield><datafield tag="650" ind1=" " ind2="0"><subfield code="a">Arabic language</subfield><subfield code="x">Grammar</subfield><subfield code="v">Early works to 1800.</subfield></datafield><datafield tag="700" ind1="1" ind2=" "><subfield code="6">880-09</subfield><subfield code="a">Manīnī, Aḥmad ibn ʻAlī,</subfield><subfield code="d">1678 or 1679-1758 or 1759,</subfield><subfield code="e">former owner.</subfield></datafield><datafield tag="700" ind1="0" ind2=" "><subfield code="6">880-08</subfield><subfield code="a">Aḥmad ibn ʻAlī ibn Aḥmad al-Kūfī al-Hamadānī,</subfield><subfield code="d">1281-1354,</subfield><subfield code="e">scribe.</subfield></datafield><datafield tag="880" ind1="1" ind2=" "><subfield code="6">700-09/</subfield><subfield code="a">منيني، احمد بن علي،</subfield><subfield code="e">مالك سابق.</subfield></datafield><datafield tag="880" ind1="0" ind2=" "><subfield code="6">700-08/</subfield><subfield code="a">احمد بن علي بن احمد الكوفي الهمداني،</subfield><subfield code="e">ناسخ.</subfield></datafield><datafield tag="880" ind1="1" ind2="0"><subfield code="6">245-03/</subfield><subfield code="a">تسهيل الفوائد وتكميل المقاصد،</subfield><subfield code="f">[733ه، 1333م].</subfield></datafield><datafield tag="880" ind1="1" ind2="0"><subfield code="6">240-02/</subfield><subfield code="a">تسهيل الفوائد وتكميل المقاصد</subfield></datafield><datafield tag="880" ind1="1" ind2=" "><subfield code="6">100-01/</subfield><subfield code="a">ابن مالك، محمد بن عبد الله.</subfield></datafield><datafield tag="CID" ind1=" " ind2=" "><subfield code="a">102137755</subfield></datafield><datafield tag="DAT" ind1="0" ind2=" "><subfield code="a">20190719102642.0</subfield><subfield code="b">20190719000000.0</subfield></datafield><datafield tag="DAT" ind1="1" ind2=" "><subfield code="a">20190719090653.0</subfield><subfield code="b">2019-07-19T16:10:24Z</subfield></datafield><datafield tag="DAT" ind1="2" ind2=" "><subfield code="a">2019-03-29T18:00:03Z</subfield></datafield><datafield tag="CAT" ind1=" " ind2=" "><subfield code="a">SDR-MIU</subfield><subfield code="d">EX LIBRIS - ALEPH</subfield><subfield code="l">prepare.pl-004-008</subfield></datafield><datafield tag="FMT" ind1=" " ind2=" "><subfield code="a">BK</subfield></datafield><datafield tag="HOL" ind1=" " ind2=" "><subfield code="0">sdr-miu012846346</subfield><subfield code="a">MiU</subfield><subfield code="b">SDR</subfield><subfield code="c">MIU</subfield><subfield code="p">mdp.39015079133438</subfield><subfield code="s">MIU</subfield><subfield code="1">012846346</subfield></datafield><datafield tag="974" ind1=" " ind2=" "><subfield code="b">MIU</subfield><subfield code="c">MIU</subfield><subfield code="d">20190719</subfield><subfield code="s">lit-dlps-dc</subfield><subfield code="u">mdp.39015079133438</subfield><subfield code="y">1333</subfield><subfield code="r">pd</subfield><subfield code="q">bib</subfield><subfield code="t">non-US bib date1 &lt; 1879</subfield></datafield></record></collection>